%% This BibTeX bibliography file was created using BibDesk.
%% https://bibdesk.sourceforge.io/

%% Created for Jeffrey Varner at 2024-12-17 05:20:53 -0500 


%% Saved with string encoding Unicode (UTF-8) 



@book{golub13,
	added-at = {2014-06-23T11:34:50.000+0200},
	author = {Golub, Gene H. and van Loan, Charles F.},
	biburl = {https://www.bibsonomy.org/bibtex/2b9e78e06f69f858cbc968e62c71bb0ef/ytyoun},
	date-added = {2024-12-17 05:20:50 -0500},
	date-modified = {2024-12-17 05:20:50 -0500},
	edition = {Fourth},
	interhash = {a6e3f89a44ff7ccc942c17c894a0dab5},
	intrahash = {b9e78e06f69f858cbc968e62c71bb0ef},
	isbn = {1421407949 9781421407944},
	keywords = {GvL cauchy circulant courant-fischer determinant dft eigenvalues interlacing linear.algebra matrix pseudoinverse textbook},
	publisher = {JHU Press},
	refid = {824733531},
	timestamp = {2017-08-18T08:02:54.000+0200},
	title = {Matrix Computations},
	url = {http://www.cs.cornell.edu/cv/GVL4/golubandvanloan.htm},
	year = 2013,
	bdsk-url-1 = {http://www.cs.cornell.edu/cv/GVL4/golubandvanloan.htm}}

@article{Lloyd-1982,
	author = {Lloyd, S.},
	date-added = {2024-12-16 15:27:58 -0500},
	date-modified = {2024-12-16 15:28:20 -0500},
	doi = {10.1109/TIT.1982.1056489},
	journal = {IEEE Transactions on Information Theory},
	number = {2},
	pages = {129-137},
	title = {Least squares quantization in PCM},
	volume = {28},
	year = {1982},
	bdsk-url-1 = {https://doi.org/10.1109/TIT.1982.1056489}}
